<?xml version="1.0" encoding="UTF-8"?><collection xmlns="http://www.loc.gov/MARC21/slim"><record><leader>00467nam--2200193-u-4500</leader><controlfield tag="001">000054947</controlfield><controlfield tag="002">20161230</controlfield><controlfield tag="005">20161230201051</controlfield><controlfield tag="008">120710s1000------------r-----000-0-rus-d</controlfield><datafield ind1=" " ind2=" " tag="040"><subfield code="a">IFIN-HH</subfield></datafield><datafield ind1=" " ind2=" " tag="041"><subfield code="a">rus</subfield></datafield><datafield ind1=" " ind2=" " tag="080"><subfield code="a">539.18(075)</subfield></datafield><datafield ind1="1" ind2=" " tag="100"><subfield code="a">Belii, M.U</subfield></datafield><datafield ind1="1" ind2="0" tag="245"><subfield code="a">Atomnaia fizika</subfield><subfield code="c">M.u. belii, b.a. ohrimenko</subfield></datafield><datafield ind1=" " ind2=" " tag="260"><subfield code="a">Kiev</subfield><subfield code="b">Visa Skola</subfield><subfield code="c">1984</subfield></datafield><datafield ind1=" " ind2=" " tag="300"><subfield code="a">271P</subfield></datafield><datafield ind1="1" ind2=" " tag="700"><subfield code="a">Ohrimenko, B.A</subfield></datafield><datafield ind1=" " ind2=" " tag="852"><subfield code="a">72764</subfield><subfield code="c">539.18</subfield></datafield><datafield ind1=" " ind2=" " tag="CAT"><subfield code="a">Sys</subfield><subfield code="c">20120710</subfield><subfield code="h">103710</subfield></datafield></record></collection>